1430 2462
195 91 280 139 ³78
354 79 356 81 ’
622 88 953 126 :armoniis

194 208 344 266 psum,
372 203 522 248 eastris
545 218 706 249 cerum
732 220 787 248 ex
828 201 1017 262 ugnatis'.
1063 203 1190 256 Cato,
1216 203 1371 248 audita

195 275 273 312 re,
318 270 458 315 quum
493 261 536 301 se
570 260 753 317 ¹percuss
794 267 838 300 et
870 257 1024 300 Uticae
1061 266 1128 313 et,
1166 259 1373 301 interve-

194 315 353 358 niente
378 313 490 366 filio,
518 316 768 364 curaretur,
784 313 904 355 inter
927 313 1064 368 ipsam
1084 313 1368 357 curationem

195 369 355 413 reciffo
383 367 573 418 vulnere
606 368 869 426 exspiravit,
913 372 1033 407 anno
1065 371 1218 414 aetatis
1244 380 1371 423 qua-

197 422 447 477 dragefimo
477 430 646 465 octavo.
703 423 907 474 Petu-ejus
941 419 1105 462 Jubam
1136 421 1265 476 seque
1294 420 1371 462 in-

195 477 392 521 terfecit.
449 476 499 518 P.
523 477 675 533 Scipio
700 476 749 518 in
777 490 893 517 nave
917 472 1254 517 circumventus
1278 474 1369 516 ho-

194 532 347 575 nestae
374 532 511 573 morti
532 544 692 571 vocem
723 544 901 586 quoque
930 527 1115 581 adjecit:
1145 531 1369 592 quaeren-

197 588 315 629 tibus
345 585 470 628 enim
496 585 822 640 imperatorem
855 581 1049 631 hostibus
1074 581 1203 631 dixit,
1234 585 1374 634 Impe-

195 649 324 683 rator
339 640 442 679 bene
452 636 506 702 [e
524 638 675 680 habet:
726 638 913 681 Faustus
933 635 1209 679 etAfranius
1229 634 1376 679 occifi.·

197 695 386 738 Catonis
410 692 504 735 fiho
529 695 660 734 venia
681 692 795 733 data.
853 692 1036 742 Brutus,
1064 689 1238 746 legatus
1256 689 1374 732 Cae-

194 749 331 799 saris,
370 750 421 789 in
452 747 602 790 Gallia
630 746 895 790 Bellovacos
925 743 1195 795 rebellantes
1230 757 1372 804 proe-

195 804 262 847 lio
294 801 419 845 vicit.
1169 810 1171 817 ’

544 887 587 931 L
607 887 630 929 I
647 888 685 930 B
706 888 750 931 R
766 889 790 931 I
853 889 948 932 CX
961 889 1018 934 V.
1049 922 1052 931 ,

283 960 445 1002 Caesar
478 965 669 1014 quatuor
699 959 959 1016 triumphos
990 952 1143 1011 duxit,
1172 973 1230 1001 ex
1256 956 1373 999 Gal-

195 1014 288 1067 lia,
317 1028 376 1056 ex
394 1012 636 1067 Aegypte,
665 1027 725 1055 ex
746 1013 917 1067 Ponto,
946 1028 1005 1066 ex
1025 1013 1207 1065 Africa,
1240 1012 1373 1067 Epu-

195 1068 297 1112 lum
331 1074 375 1108 et
405 1065 555 1107 omnis
590 1068 769 1122 generis
805 1068 1056 1122 spectacula
1091 1066 1227 1109 dedit.
1305 1065 1371 1109 Μ.

195 1120 424 1167 Marcello
456 1119 703 1177 confutari,
741 1120 892 1161 senatu
928 1127 1137 1175 rogante,
1168 1120 1375 1164 sedit-um

197 1174 426 1218 conceffit:
485 1173 564 1228 qui
596 1172 844 1215 Marcellus
885 1173 1104 1216 beneficio
1147 1175 1240 1228 ejus
1267 1174 1378 1216 ‘frui
1421 1223 1429 1225 b

197 1244 295 1273 non
324 1228 496 1284 potuit,
515 1279 524 1288 ⁶
547 1240 575 1268 a
593 1220 689 1269 1Cn.
710 1226 866 1281 Magio
896 1227 1058 1270 Cilone
1095 1227 1259 1270 cliente
1298 1228 1377 1269 suo
1399 1236 1401 1238 ’

196 1282 397 1328 Athenis
432 1282 613 1323 ocelsus.
677 1280 930 1323 Recensum
969 1281 1084 1336 egit,
1120 1286 1210 1338 quo
1249 1283 1380 1323 censa

196 1340 300 1381 sunt
327 1338 499 1379 civium
525 1337 884 1391 capita,centum
915 1335 1243 1392 quinquaginta
1267 1334 1380 1378 mil-‘-

197 1392 276 1435 lia.
332 1387 656 1443 Profectusque
682 1388 731 1431 in
751 1388 1021 1445 Hispaniam
1047 1389 1259 1432 adversus
1290 1390 1378 1434 Cn.

196 1444 497 1502 Pompejum,
546 1442 702 1484 multis
738 1442 968 1498 utrimque
1008 1443 1399 1500 expeditionibus>

198 1499 332 1543 factis
355 1505 399 1540 et
430 1496 603 1551 aliquot
634 1495 821 1546 urbibus
842 1499 1130 1553 expugnatis,
1155 1499 1375 1541 summam

184 1553 440 1597 victoriam
482 1564 586 1591 cum
626 1563 792 1605 magno
831 1550 1095 1592 discrimine
1133 1550 1191 1592 ad
1230 1552 1377 1593 Mun-

200 1608 307 1650 dam
332 1606 492 1648 urbem
513 1605 806 1660 consequutus
826 1605 898 1647 est.
950 1605 1191 1663 Pompejus
1209 1605 1375 1649 Sextus

200 1661 373 1718 effugit.

530 1748 572 1791 L
593 1748 616 1791 Ι
635 1748 672 1790 Β
695 1747 738 1790 R
755 1747 777 1788 I
841 1746 1031 1791 CXVI.

283 1821 335 1865 C.
357 1821 519 1864 Caesar
541 1835 598 1862 ex
616 1818 838 1875 Hispania
853 1817 1060 1872 quintum
1087 1815 1376 1873 triumphum

198 1876 305 1931 egit.
362 1876 442 1929 Et,
472 1889 613 1931 quum
645 1873 839 1929 plurimi
868 1872 1147 1927 maximique
1171 1870 1372 1914 honores

199 1933 243 1973 ei
278 1945 305 1972 a
331 1932 484 1971 senatu
514 1927 685 1970 decreti
714 1927 863 1977 effent,
892 1925 1012 1967 inter
1033 1939 1142 1980 quos
1165 1931 1215 1966 ut
1233 1926 1373 1966 Pater

197 1986 385 2028 Patriae
414 1982 735 2040 adpellaretur,
765 1987 810 2022 et
830 1981 1127 2022 sacrosanctus
1152 1993 1202 2020 ac
1227 1977 1373 2021 dicta-

197 2047 272 2081 tor
303 2038 353 2079 in
386 2044 665 2094 perpetuum
693 2035 814 2087 effet,
853 2033 1052 2076 invidiae
1080 2033 1255 2075 causam
1286 2032 1371 2075 ad-

196 2092 351 2134 versus
373 2105 476 2132 eum
495 2089 769 2147 praestitere,
798 2087 917 2144 quod
945 2087 1116 2128 senatui
1144 2085 1370 2135 deferenti

196 2147 283 2190 hos
307 2145 528 2194 honores,
567 2157 707 2198 quum
737 2149 841 2184 ante
866 2141 1023 2183 aedem
1052 2139 1246 2183 Veneris
1270 2140 1369 2193 Ge·-

199 2199 375 2245 nitricis
407 2197 607 2252 sederet,
651 2211 755 2249 non.
782 2195 1037 2243 adsurrexit
1045 2209 1062 2248 3
1109 2203 1155 2238 et
1190 2193 1370 2292 quodMa
