1430 2462
173 56 259 113 8²⁶
589 56 936 106 *eu-rome

182 177 325 222 'delati
351 184 502 231 erant,
539 178 732 235 legiss‘et,
772 183 944 236 juravit
971 182 1165 243 senatui,
1203 197 1366 236 contra

185 247 290 278 rem
318 232 548 289 publicam
571 235 669 287 effe,
697 245 747 278 ut
771 237 1030 293 legerentur
1049 242 1366 290 servarentur—

222 301 297 328 ue:
335 293 380 327 et
401 300 462 328 ex
489 288 663 330 senatus
690 292 889 334 consulto
923 293 973 336 in
998 294 1194 340 Comitio
1221 299 1370 343 exusti.

213 347 304 383 unt.
364 339 556 383 Colonia
580 341 793 399 Aquileja
831 345 1019 390 deducta
1053 350 1127 392 est.
1182 351 1368 410 Philip-

173 400 300 453 pus,
338 393 619 449 aegritudine
647 398 786 440 animi
819 401 1071 456 confectus,
1113 407 1237 461 quod
1267 407 1365 450 De-

187 449 408 498 metrium
440 447 600 500 filium,
628 449 743 493 falfis
773 451 925 496 Persei
954 457 1256 503 alteriuefilii
1283 460 1367 502 de·-
1427 483 1430 488 ·

188 500 433 545 lationibus
455 501 670 560 inpulsus,
688 519 864 549 veneno
881 510 1131 563 sustuliffet,
1147 510 1205 555 de
1218 527 1370 570 poena

186 553 341 603 Persei
375 556 602 612 cogitavit,
632 559 862 615 voluitque
893 564 1368 624 Antigonum-potius

190 610 390 653 amicum
426 611 561 654 suum
597 613 887 670 successorem
933 619 1065 674 regni
1109 619 1174 662 sui
1223 621 1370 664 renn-

190 676 344 718 quere.
411 664 499 705 Sed
529 665 578 707 in
613 665 698 708 hac
726 669 997 723 cogitatione
1026 680 1176 718 morte
1212 682 1368 734 raptus

191 716 267 761 est.
322 717 535 774 Regnum
558 720 743 763 Perseus
778 725 971 783 excepit.

541 866 790 910 LIBRI
856 869 1007 915 XLI.

266 935 394 991 Ignis
426 941 476 980 in
515 938 622 980 aede
651 939 806 981 Vestae
850 940 1092 982 exstinctus
1135 942 1208 984 est.
1287 943 1364 987 Ti.

188 986 488 1046 Sempronius
536 992 771 1034 Gracchus
821 993 1062 1050 proconsul
1116 994 1369 1051 Celtiberos

187 1042 332 1084 victos
363 1044 412 1085 in
450 1044 725 1087 deditionem
759 1047 959 1103 adcepit,
1007 1052 1372 1092 monimentum-

189 1109 277 1150 que
311 1111 504 1153 operum
547 1101 753 1150 suorum,
805 1100 1109 1142 Gracchurim
1146 1102 1370 1166 oppidum

188 1149 241 1193 in
269 1149 490 1207 Hispania
530 1152 771 1194 constituit.
824 1154 912 1196 >Et
953 1169 979 1195 a
1018 1153 1246 1198 Postumm
1278 1156 1370 1200 Al-

190 1203 301 1245 bino
347 1206 617 1263 proconsule
651 1206 842 1250 Vaccaei
888 1222 938 1249 ac
970 1209 1172 1251 Lufitani
1204 1209 1397 1257 subacti(

189 1259 308 1300 sunt·
368 1259 567 1317 Vterque
588 1259 726 1302 trium
768 1261 904 1304 havit.
961 1261 1236 1316 Antiochus,
1263 1265 1370 1309 An-

187 1310 331 1355 tiochi
362 1312 505 1367 filius,
560 1314 683 1356 obses
771 1317 947 1359 omanis
983 1330 1010 1357 a
1089 1317 1370 1375 ati-enatus,

185 1374 370 1412 mortuo
393 1366 535 1409 fratre
557 1369 763 1420 Seleuco,
795 1370 869 1425 qui
887 1371 1010 1427 patri
1068 1368 1249 1413 efuncto
1269 1373 1371 1416 suc—

188 1421 395 1472 cesserat,
433 1421 483 1463 iu
511 1435 704 1476 reguum
723 1424 885 1478 Syriae
911 1424 965 1466 ab
984 1423 1110 1467 Vrbe
1137 1424 1367 1482 diiniffu83

186 1473 266 1529 qui
300 1483 483 1530 praeter
530 1476 830 1530 religionem,
880 1492 967 1533 qua
1008 1478 1150 1520 multa
1196 1481 1368 1538 templa

186 1528 428 1581 :magnifica
459 1530 614 1571 multis
654 1530 766 1571 locis
800 1532 970 1582 erexit,
1010 1531 1207 1574 Athenis
1239 1534 1367 1580 Jovis

188 1580 418 1638 Olympii,
448 1590 493 1625 et
516 1583 791 1626 Antiochiae
814 1585 1078 1640 Capitolini,
1110 1586 1369 1633 viliffimum

185 1647 343 1688 regem
375 1637 479 1690 egit.
543 1637 755 1680 Lustrum
791 1653 816 1680 a
843 1639 1098 1681 censoribus
1132 1641 1367 1687 conditum

186 1689 262 1729 est.
321 1690 462 1732 censa
494 1693 595 1732 sunt
636 1691 808 1734 civium
853 1696 1000 1748 capita
1040 1692 1232 1736 ducenta
1262 1698 1367 1741 sex-

187 1742 341 1795 aginta
368 1745 455 1785 tria
482 1745 628 1786 millia
662 1745 853 1789 ducenta
882 1747 1131 1810 nonaginta
1161 1757 1370 1804 quatuor.

189 1796 250 1850 Q.
273 1797 505 1840 Voconius
530 1800 648 1841 Saxa
679 1799 882 1842 tribunus
905 1801 1050 1856 plebis
1075 1801 1223 1856 legem
1248 1806 1364 1858 tulit,

184 1862 246 1891 ne
276 1851 375 1905 quis
401 1851 618 1894 heredem
643 1854 887 1897 mulierem
909 1855 1168 1898 institueret.
1226 1857 1368 1902 Suasit

182 1902 335 1959 legem
355 1905 422 1947 M.
437 1906 565 1950 cato.
621 1907 774 1950 Exstat
795 1910 940 1951 oratio
963 1911 1072 1961 ejus.
1123 1910 1366 1954 Praeterea

186 1971 261 2001 res
291 1966 448 2000 contra
470 1960 684 2015 Ligures,
713 1962 862 2013 Istros,
892 1962 1058 2006 Sardos
1092 1969 1136 2004 et
1165 1963 1368 2008 Celtibe-

185 2015 288 2062 ros,
330 2026 356 2052 a
386 2015 701 2069 compluribus
741 2015 927 2059 ducibus
962 2017 1176 2074 prospere
1210 2019 1364 2074 gestas,

185 2071 231 2106 ct
258 2064 390 2107 initia
418 2066 524 2108 belli
547 2068 834 2112 Macedonici
864 2073 1079 2122 continet,
1110 2074 1226 2125 quod
1250 2073 1367 2115 Per-

184 2119 301 2169 seus,
323 2119 528 2177 Philippi
545 2120 683 2176 filius,
702 2124 984 2166 moliebatur.
1030 2125 1218 2174 Miserat
1238 2127 1367 2169 enim.
1396 2158 1401 2168 .

182 2171 241 2215 ad
264 2173 651 2231 Carthaginienses
679 2176 970 2233 legationem,
1001 2185 1048 2222 et
1077 2179 1132 2225 ab
1161 2179 1216 2222 iis
1235 2187 1367 2276 nole-:te

936 2245 942 2255 ³
1213 2248 1270 2278 au
1303 2242 1366 2278 ita
