1430 2462
184 93 271 140 342,
603 91 936 131 urta-onie

276 260 328 302 Ρ.
347 259 563 304 Cornelio
584 262 631 304 N
634 263 753 315 asma,
783 263 853 303 cui
874 269 1127 315 cognomm
1144 262 1366 322 Serapion
1404 300 1411 313 .

193 314 283 357 fuit
314 315 368 356 ab
403 315 633 358 inridente
666 316 864 360 Curiatio
899 315 1081 358 tribuno
1111 316 1257 372 plebis
1291 319 1369 362 in..

232 369 403 422 omum,
421 376 466 412 et
484 364 687 413 D-Junio
705 371 847 413 Bruto
868 367 1121 411 consulibus
1143 369 1371 425 delectuni

192 383 490 476 firmantibus,
542 426 591 466 in
628 426 866 481 conspectu
901 424 1106 465 tironum
1138 436 1214 469 res
1247 427 1370 476 salu..

192 476 388 519 berrimi
416 478 615 535 exempli
650 477 764 520 facta
800 479 879 519 est:
927 491 1033 518 nam
1061 476 1115 520 C.'
1137 476 1366 525 Matienus

195 531 422 574 accusatus
444 533 502 573 est
523 532 641 589 apud
666 533 868 580 tribunos
893 532 1054 589 plebis,
1084 529 1204 586 quod
1231 546 1372 577 exer-

197 584 335 626 citum
379 587 430 628 in
462 587 680 644 Hispania
721 586 996 635 deseruill'et,
1023 583 1370 644 damnatusque

193 639 273 681 sub
310 639 435 682 furca
485 640 564 683 diu
600 641 742 695 virgis
773 643 919 682 caesus
960 640 1042 691 est,
1095 646 1140 681 et
1171 640 1370 693 sestertio

194 707 388 740 nummo
418 695 575 736 veniit.
633 693 829 737 Tribuni
851 694 1008 751 plebis,
1072 693 1144 734 uia
1163 708 1256 735 non
1275 695 1369 738 im-

193 753 445 804 petrarent,
476 755 523 790 ut
554 747 630 790 fibi
660 748 813 798 denos,
845 763 954 803 quos
989 762 1044 789 ve
1066 747 1186 799 lent,'
1204 749 1372 794 milites

196 800 401 843 eximere
439 802 618 854 liceret,
668 803 869 845 consules
908 804 955 844 in
997 806 1226 844 carcerem
1258 803 1373 849 duci

193 853 423 911 jusserunt.
479 856 640 898 Junius
676 857 841 899 Brutus
877 856 1032 897 consul
1064 857 1114 897 in
1151 856 1374 914 Hispania
1427 896 1430 902 ,

194 909 276 962 iis,
346 909 392 951 ui
431 910 509 952 sub
540 910 751 953 Viriatho
788 910 1120 961 militaverant,
1164 923 1297 964 agros
1328 922 1376 957 et

196 963 307 1020 oppi
346 978 421 1005 um
453 964 599 1012 dedit,
647 964 764 1020 quod
799 964 1009 1006 Valentia
1050 970 1258 1006 vocatum
1299 967 1372 1009 est.

194 1018 268 1061 M.
287 1017 509 1072 Popillius
533 1018 883 1067 aNumantinis‚
911 1031 1012 1058 cum
1034 1017 1194 1072 quibus
1213 1031 1375 1074 pacem

194 1071 365 1114 factam
395 1071 570 1112 senatus
609 1073 786 1112 irritam
830 1070 933 1111 fieri
969 1069 1224 1123 censuerat.
1268 1077 1375 1116 oum

197 1124 405 1167 exercitu
457 1123 577 1166 fusus
620 1124 887 1179 fugatusque
938 1123 1010 1164 est.
1093 1122 1144 1164 C.
1181 1123 1377 1170 Hostilio

195 1178 418 1222 Mancino
451 1178 632 1219 consule
659 1176 958 1227 sacrificante,
1007 1176 1121 1233 pulli
1155 1191 1212 1222 ex
1242 1186 1402 1222 cavea'

200 1232 512 1281 evolaverunt.
571 1231 899 1276 Conscendenti
926 1229 1090 1272 deinde
1120 1231 1298 1286 navim,
1330 1242 1380 1278 ut

198 1287 251 1329 iu
260 1285 478 1342 Hispania
486 1301 525 1326 m
542 1285 918 1342 proficisceretur,
931 1284 1094 1337 accidit
1106 1293 1211 1336 vox}
1227 1288 1380 1336 Μαηε,

199 1343 439 1388 Mancinej
469 1354 583 1396 quae
616 1339 811 1395 auspicia
844 1339 984 1381 tristia
1014 1338 1167 1392 fuiffe,
1211 1350 1380 1385 eventu

196 1394 442 1451 probatum
473 1394 545 1434 est.
614 1393 773 1436 Victus
803 1393 927 1435 enim
958 1407 983 1433 a
1007 1392 1303 1436 Numantinis
1336 1404 1382 1439 et

201 1448 354 1490 castris
378 1457 556 1500 exutus,
586 1462 728 1505 quum
749 1449 846 1504 spes
865 1446 990 1488 nulla
1011 1447 1381 1492 servandiexer-

199 1502 315 1544 citus
337 1503 460 1554 esset,
490 1516 648 1558 pacem
670 1516 774 1542 cum
803 1500 866 1542 eis
886 1499 992 1542 fecit
1011 1501 1379 1556 ignominiosam,

201 1569 335 1611 quam
364 1557 509 1597 ratam
538 1558 621 1597 effe
642 1558 818 1597 senatus
842 1555 999 1596 vetuit.
1039 1553 1253 1609 Triginta
1273 1558 1382 1599 mil-

198 1610 265 1653 lia
307 1609 623 1651 Romanorum
671 1624 697 1650 a
734 1609 1127 1652 Numantinorum
1176 1610 1380 1654 millibus

200 1670 395 1719 quatuor
427 1665 544 1704 victa
588 1671 732 1705 erant.
807 1663 865 1706 D.
890 1663 1052 1704 Junius
1090 1661 1380 1718 Lusitaniam,

200 1717 392 1772 triginta
428 1717 614 1759 urbium
652 1715 1088 1774 expugnationibus,
1138 1731 1278 1773 usque
1321 1720 1379 1762 ad

198 1773 406 1813 occasum
445 1778 488 1812 et
526 1786 746 1813 oceanum
784 1767 1070 1828 perdomuit3
1129 1778 1195 1823 et,
1241 1782 1380 1827 quum

162 1850 167 1853 ,
198 1825 393 1867 fluvium
424 1825 719 1868 Oblivionem
754 1823 947 1866 transire
985 1824 1159 1865 nollent
1194 1826 1377 1878 milites,

200 1885 409 1935 ereptum
446 1878 656 1934 fignifero
703 1880 873 1935 fignum
914 1878 1005 1933 ipse
1045 1878 1296 1930 transtulit,
1334 1890 1380 1922 et

200 1932 273 1981 fic,
306 1940 352 1973 ut
381 1932 818 1987 transgrederentur,
840 1931 1061 1989 persuafit.
1118 1931 1379 1976 Alexandri

199 1985 345 2037 fitius,
384 2002 468 2029 rex
504 1987 691 2043 Syriae,
744 1987 899 2028 decem
939 1999 1080 2026 annos
1128 1984 1378 2030 admodum
1429 2031 1430 2034 Ἴ

197 2037 384 2085 habens,
405 2056 430 2081 a
448 2041 666 2092 Diodoto,
687 2040 841 2096 qui'sr
877 2038 1002 2095 phou
1023 2040 1379 2092 cognominabass

200 2101 292 2145 tur,
322 2100 467 2135 tutore
492 2096 583 2145 suo,
617 2110 701 2151 per
724 2093 825 2136 frau
861 2107 930 2133 em
962 2092 1129 2145 occisus
1161 2093 1377 2150 est,oon-

200 2147 348 2204 ruptis
368 2147 568 2199 medicis,
594 2150 683 2202 qui,
706 2163 807 2190 eum
827 2146 987 2188 calculi
1003 2145 1159 2188 dolore
1177 2148 1379 2190 consumi

202 2201 260 2243 ad
288 2197 512 2260 populum
540 2202 736 2256 mentiti,
773 2202 880 2244 dum
909 2202 1074 2255 secant,
1102 2199 1377 2244 occiderunt.

1210 2255 1384 2299 LIBRI
