1430 2462
383 79 716 124 mnnonvssa
775 78 963 119 mvn:
1181 77 1264 122 315

78 199 284 245 firmatus
328 195 544 248 discuffit,
604 193 965 251 rebellantesque
1013 191 1264 251 Hispaniae

75 268 138 315 po
156 263 157 267 ’
175 255 271 299 ulos
301 251 452 307 coegit
481 250 529 292 in
550 247 829 291 deditionem
848 249 1035 301 venire3
1064 257 1122 300 et,
1143 249 1265 290 ami-

17 323 19 326 ’
80 311 187 354 cita
219 308 340 351 faeta
381 310 485 348 cum
521 302 746 348 Mafiniss'a
786 317 894 358 rege
931 303 1267 356 Numidarum,

78 363 160 421 qui
202 362 275 405 illi
317 359 566 409 auxilium,
609 358 638 399 fi
675 361 723 400 in
757 357 970 401 Africam
1010 357 1266 412 trajecisset,

76 417 399 475 pollicebatur,
427 425 532 456 cum
559 411 798 456 Gaditanis
836 428 1012 469 quoque
1044 413 1140 469 post
1168 411 1267 454 dis-

79 474 247 519 ceffum
281 470 387 513 inde
405 468 632 523 Magonis,
663 469 735 510 cui
762 483 819 511 ex
850 466 1128 525 Carthagi-ne
1152 466 1268 522 scri-p

78 534 213 584 Ptum
244 532 368 577 erat,
407 523 528 578 Win
558 522 736 565 Italiam
770 523 1026 578 trajiceret,
1064 522 1266 564 Romam

75 582 287 624 reversus
316 577 554 635 consulque
583 586 776 620 creatus.
834 576 1045 635 Africam
1069 577 1267 632 provin-
1307 583 1309 585 '

79 635 198 678 ciam
221 632 406 693 petenti,
435 631 773 684 contradicente
797 632 855 688 Q.
875 633 1018 675 Fabio
1035 631 1267 684 Maximo,

78 689 235 733 Sicilia
274 688 376 739 data
405 687 493 738 est3
539 689 919 744 permiffumque,
965 687 1016 729 in
1049 685 1266 730 Africam
1344 701 1346 703 ·

74 744 320 799 trajiceret,
339 741 370 783 fi
394 756 453 784 ex
472 755 523 783 re
540 741 724 798 publica
744 743 827 784 effe
850 744 1064 791 censeret.
1105 741 1266 795 Mago,

75 795 354 843 Hamilcaris
377 795 516 850 filius,
544 810 569 836 a
593 796 773 839 minore
798 797 973 840 Baliari
997 795 1158 852 insula,
1187 793 1268 838 ubi

74 851 343 912 hya-marat,
381 851 432 895 in
460 849 641 894 Italiam
672 852 868 907 trajecit.

399 997 649 1056 LIBRI
712 998 930 1044 XXIX.

153 1071 235 1115 Ex
253 1069 411 1120 Sicilia
433 1072 485 1114 C.
507 1071 695 1113 Laelius
719 1071 766 1112 in
779 1070 992 1114 Africam
1011 1087 1032 1114 a
1050 1073 1267 1132 Scipione

74 1127 231 1171 miffus
255 1126 300 1168 in
337 1133 490 1169 entem
515 1124 735 1182 praedam
762 1128 1029 1182 reportavit,
1060 1136 1104 1170 et
1133 1144 1270 1171 man-

77 1178 182 1224 dala
205 1180 288 1233 Ma
300 1179 454 1223 mitrae
483 1179 691 1236 Scipioni
725 1180 948 1236 exposuit,
979 1197 1270 1238 conqueren—

79 1236 156 1281 tis.
186 1233 306 1288 quod
338 1232 546 1276 nondum
579 1232 833 1281 exercitum
863 1236 915 1277 in
935 1235 1145 1279 Africam
1171 1247 1270 1280 tra-

82 1289 261 1333 ‘eeiffet
317 1287 501 1331 Bellum
534 1289 580 1330 in
606 1287 829 1344 Hispania
857 1287 1063 1345 finitum,
1095 1291 1270 1336 victore

77 1302 323 1394 hnmano,
361 1342 483 1400 quod
510 1342 720 1385 Indibilis
752 1342 1055 1398 excitaverat3
1096 1352 1112 1388 i
1150 1349 1191 1389 se
1218 1349 1270 1394 in

78 1400 180 1442 acie
205 1397 391 1449 occisus,
419 1396 699 1440 Mandonius
729 1399 1071 1457 exposcentibus
1091 1361 1270 1444 Pl’oma-

78 1453 156 1497 :nis
186 1467 212 1494 a
234 1451 322 1494 suis
352 1450 528 1494 deditus
557 1450 632 1494 est.
690 1451 898 1507 Magoni,
927 1453 1006 1510 qui
1034 1459 1083 1497 in
1114 1457 1272 1501 Gallia

80 1515 128 1558 et
148 1506 396 1563 Liguribus
423 1513 535 1557 erat,
565 1519 624 1547 ex
643 1503 807 1549 Africa
832 1513 877 1548 et
897 1509 1096 1553 rnilitum
1119 1513 1271 1569 ampla.

79 1576 244 1610 manus
275 1561 415 1613 missa,
445 1568 491 1603 et
508 1563 745 1617 pecuniae,
776 1561 1132 1617 quibusauxilia
1154 1582 1270 1610 con-

80 1617 292 1668 duceret3
319 1623 722 1673 praeceptumque,
751 1623 801 1657 ut
825 1617 868 1658 se
886 1617 1140 1667 Hannibali
1161 1622 1270 1676 jun-

78 1679 223 1728 geret.
277 1669 431 1727 Scipio
457 1685 484 1712 a
501 1671 730 1725 Syracufis
764 1670 815 1713 in
842 1671 1046 1716 Bruttios
1076 1680 1269 1731 trajecit,

81 1733 130 1773 et
147 1725 347 1775 Locros,
388 1725 516 1782 pulso
552 1725 982 1783 Punicopraesidio
1022 1728 1271 1788 fugatoque

78 1778 365 1833 Hannibale,
394 1779 580 1839 recepit.
637 1780 736 1823 Pax
769 1795 876 1823 cum
904 1782 1123 1842 Philippo
1151 1785 1273 1829 facta

79 1836 154 1879 est.
213 1834 346 1878 Idaea
366 1841 515 1877 mater
539 1834 774 1893 deportata
800 1836 861 1878 est
885 1836 1086 1881 Romam
1117 1855 1144 1882 a
1164 1841 1274 1884 Pes-

80 1890 256 1933 finunte
288 1888 460 1947 oppido
495 1888 752 1946 Phrygiae,
803 1894 1007 1935 carmine
1044 1895 1093 1937 in
1139 1896 1272 1940 libris

83 1943 325 2001 Sibyllinis
353 1946 558 1995 invento,
591 1946 698 1998 pelli
716 1946 859 1987 Italia
883 1948 1170 2003 alienigenam
1195 1954 1273 1993 ho-

74 1997 190 2058 stem
217 2012 276 2053 po
314 2014 358 2046 e,
389 1997 439 2063 fi
472 2008 614 2053 mater
641 2001 782 2041 Idaea
808 2002 1051 2055 deportata
1081 2008 1273 2048 Romam

89 2049 206 2113 eſj'et.
306 2053 454 2096 raihta
488 2061 637 2110 autem
670 2056 730 2098 est
765 2056 990 2099 Romanis
1022 2074 1108 2116 per
1135 2061 1274 2104 Atta-

85 2106 185 2151 lum
212 2121 367 2172 regem
386 2107 534 2153 Aliae.
592 2110 732 2168 Lapis
759 2119 878 2164 erat,
909 2126 1043 2167 quem
1075 2123 1273 2158 matrem

85 2161 450 2213 Deum‘:,ncolae
492 2163 716 2208 dicebant.
789 2166 988 2223 Excepit
1030 2169 1082 2212 P.
1119 2171 1274 2227 Scipio

90 2214 252 2265 Nafica
271 2173 357 2261 bn.
381 2215 518 2276 filine,
548 2219 658 2277 ejus,
688 2221 767 2277 qui
791 2225 843 2266 in
865 2223 1087 2281 Hispania
1118 2226 1276 2282 perie-

1189 2287 1275 2335 rat,
